
@article{Anderson2010,
  title = {Journalistic {{Networks}} and the {{Diffusion}} of {{Local News}}: The {{Brief}}, {{Happy News Life}} of the {{oFrancisville Fouro}}},
  author = {Anderson, C. W.},
  year = {2010},
  journal = {POLITICAL COMMUNICATION},
  volume = {27},
  number = {3},
  pages = {289--309},
  issn = {1058-4609},
  doi = {10.1080/10584609.2010.496710},
  file = {/Users/sunyufei/Documents/Yufei_Sun/THU/Zotero/zotero_library/Anderson/Anderson_2010_Journalistic Networks and the Diffusion of Local News.pdf}
}

@article{Arel-BundockParinandi2018,
  title = {Conditional Tax Competition in {{American}} States},
  author = {{Arel-Bundock}, Vincent and Parinandi, Srinivas},
  year = {2018},
  journal = {Journal of Public Policy},
  volume = {38},
  number = {2},
  pages = {191--220},
  publisher = {{Cambridge University Press}},
  file = {/Users/sunyufei/Documents/Yufei_Sun/THU/Zotero/zotero_library/Arel-Bundock_Parinandi/Arel-Bundock_Parinandi_2018_Conditional tax competition in American states.pdf;/Users/sunyufei/Zotero/storage/2B87BZCB/75DAF208D633638823EE1406C0063A44.html}
}

@article{Bailard2009,
  title = {Mobile {{Phone Diffusion}} and {{Corruption}} in {{Africa}}},
  author = {Bailard, Catie Snow},
  year = {2009},
  journal = {POLITICAL COMMUNICATION},
  volume = {26},
  number = {3},
  pages = {333--353},
  issn = {1058-4609},
  doi = {10.1080/10584600903053684}
}

@article{Baumgartner2006,
  title = {Jack {{L}}. {{Walker Jr}}. 1969. "{{The}} Diffusion of Innovations among the {{American}} States." - {{American}} Political Science Review 63 ({{September}}): 880-99.},
  author = {Baumgartner, Frank R.},
  year = {2006},
  month = nov,
  journal = {AMERICAN POLITICAL SCIENCE REVIEW},
  volume = {100},
  number = {4},
  pages = {672--672},
  issn = {0003-0554},
  doi = {10.1017/S0003055406242564},
  file = {/Users/sunyufei/Documents/Yufei_Sun/THU/Zotero/zotero_library/Baumgartner/Baumgartner_2006_Jack L.pdf}
}

@article{BaybeckEtAl2011,
  title = {A {{Strategic Theory}} of {{Policy Diffusion}} via {{Intergovernmental Competition}}},
  author = {Baybeck, Brady and Berry, William D. and Siegel, David A.},
  year = {2011},
  month = jan,
  journal = {JOURNAL OF POLITICS},
  volume = {73},
  number = {1},
  pages = {232--247},
  issn = {0022-3816},
  doi = {10.1017/S0022381610000988}
}

@article{BodeaHicks2015,
  title = {International {{Finance}} and {{Central Bank Independence}}: Institutional {{Diffusion}} and the {{Flow}} and {{Cost}} of {{Capital}}},
  author = {Bodea, Cristina and Hicks, Raymond},
  year = {2015},
  month = jan,
  journal = {JOURNAL OF POLITICS},
  volume = {77},
  number = {1},
  pages = {268--284},
  issn = {0022-3816},
  doi = {10.1086/678987}
}

@article{BohmeltEtAl2016,
  title = {Party {{Policy Diffusion}}},
  author = {Bohmelt, Tobias and Ezrow, Lawrence and Lehrer, Roni and Ward, Hugh},
  year = {2016},
  month = may,
  journal = {AMERICAN POLITICAL SCIENCE REVIEW},
  volume = {110},
  number = {2},
  pages = {397--410},
  issn = {0003-0554},
  doi = {10.1017/S0003055416000162},
  file = {/Users/sunyufei/Documents/Yufei_Sun/THU/Zotero/zotero_library/Bohmelt et al/Bohmelt et al_2016_Party Policy Diffusion.pdf}
}

@article{BoucheVolden2011,
  title = {Privatization and the {{Diffusion}} of {{Innovations}}},
  author = {Bouche, Vanessa and Volden, Craig},
  year = {2011},
  month = apr,
  journal = {JOURNAL OF POLITICS},
  volume = {73},
  number = {2},
  pages = {428--442},
  issn = {0022-3816},
  doi = {10.1017/S0022381611000041}
}

@article{Boushey2016,
  title = {Targeted for {{Diffusion}}? How the {{Use}} and {{Acceptance}} of {{Stereotypes Shape}} the {{Diffusion}} of {{Criminal Justice Policy Innovations}} in the {{American States}}},
  author = {Boushey, Graeme},
  year = {2016},
  month = feb,
  journal = {AMERICAN POLITICAL SCIENCE REVIEW},
  volume = {110},
  number = {1},
  pages = {198--214},
  issn = {0003-0554},
  doi = {10.1017/S0003055415000532},
  file = {/Users/sunyufei/Documents/Yufei_Sun/THU/Zotero/zotero_library/Boushey/Boushey_2016_Targeted for Diffusion.pdf}
}

@article{Brooks2007,
  title = {When Does Diffusion Matter? Explaining the Spread of Structural Pension Reforms across Nations},
  author = {Brooks, Sarah M.},
  year = {2007},
  month = aug,
  journal = {JOURNAL OF POLITICS},
  volume = {69},
  number = {3},
  pages = {701--715},
  issn = {0022-3816},
  doi = {10.1111/j.1468-2508.2007.00569.x}
}

@article{ButlerEtAl2017,
  title = {Ideology, {{Learning}}, and {{Policy Diffusion}}: Experimental {{Evidence}}},
  author = {Butler, Daniel M. and Volden, Craig and Dynes, Adam M. and Shor, Boris},
  year = {2017},
  month = jan,
  journal = {AMERICAN JOURNAL OF POLITICAL SCIENCE},
  volume = {61},
  number = {1},
  pages = {37--49},
  issn = {0092-5853},
  doi = {10.1111/ajps.12213}
}

@article{CaugheyEtAl2016,
  title = {Incremental Democracy: The Policy Effects of the Partisan Composition of State Government},
  shorttitle = {Incremental Democracy},
  author = {Caughey, Devin and Warshaw, Christopher and Xu, Yiqing},
  year = {2016},
  publisher = {{MIT Political Science Department research paper}},
  file = {/Users/sunyufei/Zotero/storage/BQSUQNSV/papers.html}
}

@article{ChongEtAl2019,
  title = {Urbanization {{Patterns}}, {{Information Diffusion}}, and {{Female Voting}} in {{Rural Paraguay}}},
  author = {Chong, Alberto and {Leon-Ciliotta}, Gianmarco and Roza, Vivian and Valdivia, Martin and Vega, Gabriela},
  year = {2019},
  month = apr,
  journal = {AMERICAN JOURNAL OF POLITICAL SCIENCE},
  volume = {63},
  number = {2},
  pages = {323--341},
  issn = {0092-5853},
  doi = {10.1111/ajps.12404},
  file = {/Users/sunyufei/Documents/Yufei_Sun/THU/Zotero/zotero_library/Chong et al/Chong et al_2019_Urbanization Patterns, Information Diffusion, and Female Voting in Rural.pdf}
}

@article{ClayOwsiak2016,
  title = {The {{Diffusion}} of {{International Border Agreements}}},
  author = {Clay, K. Chad and Owsiak, Andrew P.},
  year = {2016},
  month = apr,
  journal = {JOURNAL OF POLITICS},
  volume = {78},
  number = {2},
  pages = {427--442},
  issn = {0022-3816},
  doi = {10.1086/683987}
}

@article{Clinton2004,
  title = {All International Politics Is Local: The Diffusion of Conflict, Integration, and Democratization.},
  author = {Clinton, RL},
  year = {2004},
  month = may,
  journal = {JOURNAL OF POLITICS},
  volume = {66},
  number = {3},
  pages = {972--973},
  issn = {0022-3816},
  doi = {10.1111/j.0022-3816.2004.286_5.x}
}

@article{CunninghamEtAl2017,
  title = {Strategies of {{Resistance}}: Diversification and {{Diffusion}}},
  author = {Cunningham, Kathleen Gallagher and Dahl, Marianne and Fruge, Anne},
  year = {2017},
  month = jul,
  journal = {AMERICAN JOURNAL OF POLITICAL SCIENCE},
  volume = {61},
  number = {3},
  pages = {591--605},
  issn = {0092-5853},
  doi = {10.1111/ajps.12304}
}

@article{DesmaraisEtAl2015,
  title = {Persistent {{Policy Pathways}}: Inferring {{Diffusion Networks}} in the {{American States}}},
  author = {Desmarais, Bruce A. and Harden, Jeffrey J. and Boehmke, Frederick J.},
  year = {2015},
  month = may,
  journal = {AMERICAN POLITICAL SCIENCE REVIEW},
  volume = {109},
  number = {2},
  pages = {392--406},
  issn = {0003-0554},
  doi = {10.1017/S0003055415000040},
  file = {/Users/sunyufei/Documents/Yufei_Sun/THU/Zotero/zotero_library/Desmarais et al/Desmarais et al_2015_Persistent Policy Pathways.pdf}
}

@article{Gilardi2010,
  title = {Who {{Learns}} from {{What}} in {{Policy Diffusion Processes}}?},
  author = {Gilardi, Fabrizio},
  year = {2010},
  month = jul,
  journal = {AMERICAN JOURNAL OF POLITICAL SCIENCE},
  volume = {54},
  number = {3},
  pages = {650--666},
  issn = {0092-5853},
  doi = {10.1111/j.1540-5907.2010.00452.x}
}

@article{GilardiEtAl2021,
  title = {Policy {{Diffusion}}: The {{Issue}}-{{Definition Stage}}},
  author = {Gilardi, Fabrizio and Shipan, Charles R. and Wuest, Bruno},
  year = {2021},
  month = jan,
  journal = {AMERICAN JOURNAL OF POLITICAL SCIENCE},
  volume = {65},
  number = {1},
  pages = {21--35},
  issn = {0092-5853},
  doi = {10.1111/ajps.12521}
}

@article{GreenhillEtAl2009,
  title = {Trade-Based {{Diffusion}} of {{Labor Rights}}: A {{Panel Study}}, 1986-2002},
  author = {Greenhill, Brian and Mosley, Layna and Prakash, Aseem},
  year = {2009},
  month = nov,
  journal = {AMERICAN POLITICAL SCIENCE REVIEW},
  volume = {103},
  number = {4},
  pages = {669--690},
  issn = {0003-0554},
  doi = {10.1017/S0003055409990116},
  file = {/Users/sunyufei/Documents/Yufei_Sun/THU/Zotero/zotero_library/Greenhill et al/Greenhill et al_2009_Trade-based Diffusion of Labor Rights.pdf}
}

@article{Hinkle2015,
  title = {Into the {{Words}}: Using {{Statutory Text}} to {{Explore}} the {{Impact}} of {{Federal Courts}} on {{State Policy Diffusion}}},
  author = {Hinkle, Rachael K.},
  year = {2015},
  month = oct,
  journal = {AMERICAN JOURNAL OF POLITICAL SCIENCE},
  volume = {59},
  number = {4},
  pages = {1002--1021},
  issn = {0092-5853},
  doi = {10.1111/ajps.12160}
}

@article{HuangEtAl2019,
  title = {Media, {{Protest Diffusion}}, and {{Authoritarian Resilience}}},
  author = {Huang, Haifeng and {Boranbay-Akan}, Serra and Huang, Ling},
  year = {2019},
  month = jan,
  journal = {POLITICAL SCIENCE RESEARCH AND METHODS},
  volume = {7},
  number = {1},
  pages = {23--42},
  issn = {2049-8470},
  doi = {10.1017/psrm.2016.25},
  file = {/Users/sunyufei/Documents/Yufei_Sun/THU/Zotero/zotero_library/Huang et al/Huang et al_2019_Media, Protest Diffusion, and Authoritarian Resilience.pdf}
}

@article{Hyde2011,
  title = {Catch {{Us If You Can}}: Election {{Monitoring}} and {{International Norm Diffusion}}},
  author = {Hyde, Susan D.},
  year = {2011},
  month = apr,
  journal = {AMERICAN JOURNAL OF POLITICAL SCIENCE},
  volume = {55},
  number = {2},
  pages = {356--369},
  issn = {0092-5853},
  doi = {10.1111/j.1540-5907.2011.00508.x}
}

@article{Kedar2005,
  title = {How Diffusion of Power in Parliaments Affects Voter Choice},
  author = {Kedar, O},
  year = {2005 FAL},
  journal = {POLITICAL ANALYSIS},
  volume = {13},
  number = {4},
  pages = {410--429},
  issn = {1047-1987},
  doi = {10.1093/pan/mpi029}
}

@article{Kobrin1998,
  title = {The Retreat of the State: The Diffusion of Power in the World Economy.},
  author = {Kobrin, SJ},
  year = {1998},
  month = mar,
  journal = {AMERICAN POLITICAL SCIENCE REVIEW},
  volume = {92},
  number = {1},
  pages = {270--272},
  issn = {0003-0554},
  doi = {10.2307/2586007}
}

@article{LindstadtEtAl2017,
  title = {Diffusion in {{Congress}}: Measuring the {{Social Dynamics}} of {{Legislative Behavior}}},
  author = {Lindstadt, Rene and Vander Wielen, Ryan J. and Green, Matthew},
  year = {2017},
  month = jul,
  journal = {POLITICAL SCIENCE RESEARCH AND METHODS},
  volume = {5},
  number = {3},
  pages = {511--527},
  issn = {2049-8470},
  doi = {10.1017/psrm.2016.42},
  file = {/Users/sunyufei/Documents/Yufei_Sun/THU/Zotero/zotero_library/Lindstadt et al/Lindstadt et al_2017_Diffusion in Congress.pdf}
}

@article{Linos2011,
  title = {Diffusion through {{Democracy}}},
  author = {Linos, Katerina},
  year = {2011},
  month = jul,
  journal = {AMERICAN JOURNAL OF POLITICAL SCIENCE},
  volume = {55},
  number = {3},
  pages = {678--695},
  issn = {0092-5853},
  doi = {10.1111/j.1540-5907.2011.00513.x}
}

@article{MakseVolden2011,
  title = {The {{Role}} of {{Policy Attributes}} in the {{Diffusion}} of {{Innovations}}},
  author = {Makse, Todd and Volden, Craig},
  year = {2011},
  month = jan,
  journal = {JOURNAL OF POLITICS},
  volume = {73},
  number = {1},
  pages = {108--124},
  issn = {0022-3816},
  doi = {10.1017/S0022381610000903}
}

@article{MaleskyMosley2018,
  title = {Chains of {{Love}}? Global {{Production}} and the {{Firm}}-{{Level Diffusion}} of {{Labor Standards}}},
  author = {Malesky, Edmund J. and Mosley, Layna},
  year = {2018},
  month = jul,
  journal = {AMERICAN JOURNAL OF POLITICAL SCIENCE},
  volume = {62},
  number = {3},
  pages = {712--728},
  issn = {0092-5853},
  doi = {10.1111/ajps.12370}
}

@article{Mallinson2016,
  title = {Building a {{Better Speed Trap}}: Measuring {{Policy Adoption Speed}} in the {{American States}}},
  shorttitle = {Building a {{Better Speed Trap}}},
  author = {Mallinson, Daniel J.},
  year = {2016},
  journal = {State Politics \& Policy Quarterly},
  volume = {16},
  number = {1},
  pages = {98--120},
  publisher = {{Cambridge University Press}}
}

@article{MintromVergari1998,
  title = {Policy Networks and Innovation Diffusion: The Case of State Education Reforms},
  author = {Mintrom, M and Vergari, S},
  year = {1998},
  month = feb,
  journal = {JOURNAL OF POLITICS},
  volume = {60},
  number = {1},
  pages = {126--148},
  issn = {0022-3816},
  doi = {10.2307/2648004}
}

@article{MonoganEtAl2015,
  title = {Gone with the {{Wind}}: Federalism and the {{Strategic Placement}} of {{Air Polluters}}},
  shorttitle = {Gone with the {{Wind}}},
  author = {Monogan, James and Konisky, David and Woods, Neal},
  year = {2015},
  journal = {Available at SSRN 2708112},
  file = {/Users/sunyufei/Zotero/storage/YZ4R524F/papers.html}
}

@article{Nicholson-Crotty2009,
  title = {The {{Politics}} of {{Diffusion}}: Public {{Policy}} in the {{American States}}},
  author = {{Nicholson-Crotty}, Sean},
  year = {2009},
  month = jan,
  journal = {JOURNAL OF POLITICS},
  volume = {71},
  number = {1},
  pages = {192--205},
  issn = {0022-3816},
  doi = {10.1017/S0022381608090129}
}

@article{NyhanMontgomery2015,
  title = {Connecting the {{Candidates}}: Consultant {{Networks}} and the {{Diffusion}} of {{Campaign Strategy}} in {{American Congressional Elections}}},
  author = {Nyhan, Brendan and Montgomery, Jacob M.},
  year = {2015},
  month = apr,
  journal = {AMERICAN JOURNAL OF POLITICAL SCIENCE},
  volume = {59},
  number = {2},
  pages = {292--308},
  issn = {0092-5853},
  doi = {10.1111/ajps.12143}
}

@article{Pacheco2012,
  title = {The {{Social Contagion Model}}: Exploring the {{Role}} of {{Public Opinion}} on the {{Diffusion}} of {{Antismoking Legislation}} across the {{American States}}},
  author = {Pacheco, Julianna},
  year = {2012},
  month = jan,
  journal = {JOURNAL OF POLITICS},
  volume = {74},
  number = {1},
  pages = {187--202},
  issn = {0022-3816},
  doi = {10.1017/S0022381611001241}
}

@article{ShipanVolden2006,
  title = {Bottom-up Federalism: The Diffusion of Antismoking Policies from {{US}} Cities to States},
  author = {Shipan, Charles R. and Volden, Craig},
  year = {2006},
  month = oct,
  journal = {AMERICAN JOURNAL OF POLITICAL SCIENCE},
  volume = {50},
  number = {4},
  pages = {825--843},
  issn = {0092-5853},
  doi = {10.1111/j.1540-5907.2006.00218.x}
}

@article{ShipanVolden2008,
  title = {The Mechanisms of Policy Diffusion},
  author = {Shipan, Charles R. and Volden, Craig},
  year = {2008},
  month = oct,
  journal = {AMERICAN JOURNAL OF POLITICAL SCIENCE},
  volume = {52},
  number = {4},
  pages = {840--857},
  issn = {0092-5853},
  doi = {10.1111/j.1540-5907.2008.00346.x}
}

@article{SimmonsElkins2004,
  title = {The Globalization of Liberalization: Policy Diffusion in the International Political Economy},
  author = {Simmons, BA and Elkins, Z},
  year = {2004},
  month = feb,
  journal = {AMERICAN POLITICAL SCIENCE REVIEW},
  volume = {98},
  number = {1},
  pages = {171--189},
  issn = {0003-0554},
  doi = {10.1017/S0003055404001078},
  file = {/Users/sunyufei/Documents/Yufei_Sun/THU/Zotero/zotero_library/Simmons_Elkins/Simmons_Elkins_2004_The globalization of liberalization.pdf}
}

@article{Teodoro2009,
  title = {Bureaucratic {{Job Mobility}} and {{The Diffusion}} of {{Innovations}}},
  author = {Teodoro, Manuel P.},
  year = {2009},
  month = jan,
  journal = {AMERICAN JOURNAL OF POLITICAL SCIENCE},
  volume = {53},
  number = {1},
  pages = {175--189},
  issn = {0092-5853},
  doi = {10.1111/j.1540-5907.2008.00364.x}
}

@article{Volden2006,
  title = {States as {{Policy Laboratories}}: Emulating {{Success}} in the {{Children}}'s {{Health Insurance Program}}},
  shorttitle = {States as {{Policy Laboratories}}},
  author = {Volden, Craig},
  year = {2006},
  journal = {American Journal of Political Science},
  volume = {50},
  number = {2},
  pages = {294--312},
  publisher = {{Wiley Online Library}},
  file = {/Users/sunyufei/Documents/Yufei_Sun/THU/Zotero/zotero_library/Volden/Volden_2006_States as policy laboratories.pdf;/Users/sunyufei/Zotero/storage/FCBZGTSN/j.1540-5907.2006.00185.html}
}

@article{VoldenEtAl2008,
  title = {A Formal Model of Learning and Policy Diffusion},
  author = {Volden, Craig and Ting, Michael M. and Carpenter, Daniel P.},
  year = {2008},
  month = aug,
  journal = {AMERICAN POLITICAL SCIENCE REVIEW},
  volume = {102},
  number = {3},
  pages = {319--332},
  issn = {0003-0554},
  doi = {10.1017/S0003055408080271},
  file = {/Users/sunyufei/Documents/Yufei_Sun/THU/Zotero/zotero_library/Volden et al/Volden et al_2008_A formal model of learning and policy diffusion.pdf}
}

@article{Walker1969,
  title = {The Diffusion of Innovations among the {{American}} States},
  author = {Walker, Jack L.},
  year = {1969},
  journal = {American political science review},
  volume = {63},
  number = {3},
  pages = {880--899},
  publisher = {{Cambridge University Press}},
  file = {/Users/sunyufei/Zotero/storage/5XV5V95L/3239.html}
}

@article{Weaver2007,
  title = {Diffusion of the News Paradigm 1850-2000},
  author = {Weaver, David H.},
  year = {2007 APR-JUN},
  journal = {POLITICAL COMMUNICATION},
  volume = {24},
  number = {2},
  pages = {217--219},
  issn = {1058-4609},
  doi = {10.1080/10584600701313165}
}


